% This file was created with JabRef 2.10.
% Encoding: Cp1252



@Booklet{FTSParticle,
  Title                    = {The \uppercase{F}looding \uppercase{T}ime \uppercase{S}ynchronization \uppercase{P}rotocol},
  Author                   = {Miklós Maróti, Branislav Kusy, Guyla Simon, Ákos Lédeczi},
  Month                    = {November},
  Year                     = {2004}
}

@Booklet{dynamicFTSParticle,
  Title                    = {Dynamic \uppercase{F}looding \uppercase{T}ime \uppercase{S}ynchronization \uppercase{P}rotocol for \uppercase{WSN}s},
  Author                   = {Jonathan Shannon, Hugh Melvin, Antonia G. Ruzzelli},
  Month                    = {December},
  Year                     = {2012}
}

@Booklet{RBSarticle,
  Title                    = {Fine-Grained \uppercase{N}etwork \uppercase{T}ime \uppercase{S}ynchronization using using{R}eference using{B}roadcasts},
  Author                   = {Jeremy Elson, Lewis Girod, Deborah Estrin},
  Month                    = {December},
  Year                     = {2002}
}

@Booklet{TPSNarticle,
  Title                    = {Timing-sync \uppercase{P}rotocol for \uppercase{S}ensor \uppercase{N}etworks},
  Author                   = {Saurabh Ganeriwal, Ram Kumar, Mani B. Srivastava},
  Month                    = {November},
  Year                     = {2003}
}

@ONLINE{TelosBDatasheet:Online,
title = {uppercase{TELOSB MOTE APPLICATION}},
month = December,
year = {2014},
note = {\url{http://www.willow.co.uk/TelosB_Datasheet.pdf}}
}

@ONLINE{TinyOS:Online,
title = {TinyOS},
month = December,
year = {2014},
note = {\url{http://www.tinyos.net/}}
}
